<?xml version="1.0" encoding="UTF-8"?><collection xmlns="http://www.loc.gov/MARC21/slim"><record><leader>00576nam--2200205-i-4500</leader><controlfield tag="001">000028782</controlfield><controlfield tag="002">20161230</controlfield><controlfield tag="005">20161230201037</controlfield><controlfield tag="008">060222s1000------------r-----000-0-ger-d</controlfield><datafield ind1=" " ind2=" " tag="040"><subfield code="a">IFIN-HH</subfield></datafield><datafield ind1=" " ind2=" " tag="041"><subfield code="a">ger</subfield></datafield><datafield ind1=" " ind2=" " tag="080"><subfield code="a">539.16.08</subfield></datafield><datafield ind1="1" ind2=" " tag="100"><subfield code="a">Kiefer, Hans</subfield></datafield><datafield ind1="1" ind2="0" tag="245"><subfield code="a">Uberwachung der radioaktivitat in abwasser und abluft</subfield><subfield code="c">Hans kiefer, rupprecht maushart</subfield></datafield><datafield ind1=" " ind2=" " tag="260"><subfield code="a">Stuttgart</subfield><subfield code="b">B.G. Teubner Verlagsgesellsch</subfield><subfield code="c">1961</subfield></datafield><datafield ind1=" " ind2=" " tag="300"><subfield code="a">112P</subfield></datafield><datafield ind1=" " ind2=" " tag="490"><subfield code="a">Kerntechnische Reihe</subfield></datafield><datafield ind1="1" ind2=" " tag="700"><subfield code="a">Maushart, Rupprecht</subfield></datafield><datafield ind1=" " ind2=" " tag="852"><subfield code="a">17649</subfield><subfield code="c">539.16</subfield></datafield><datafield ind1=" " ind2=" " tag="CAT"><subfield code="a">Sys</subfield><subfield code="c">20120514</subfield><subfield code="h">152617</subfield></datafield></record></collection>